@string{JCP     = "Journal of Computational Physics"}
@string{CAF     = "Computers and Fluids"}
@string{IJNMF   = "International~Journal~for Numerical Methods in Fluids"}
@string{AIAAJ   = "AIAA Journal"}
@string{VKI = "{V}on {K}arman {I}nstitute for {F}luid {D}ynamics"}


@article{xu2019newton,
	title={Newton--Krylov Solver for Robust Turbomachinery Aerodynamic Analysis},
	author={Xu, Shenren and Mohanamuraly, Pavanakumar and Wang, Dingxi and M{\"u}ller, Jens-Dominik},
	journal={AIAA Journal},
	pages={1--17},
	year={2019},
	publisher={American Institute of Aeronautics and Astronautics}
}
@article{C1989Oblique,
	title={Oblique and parallel modes of the vortex shedding in the wake of a circular cylinder at low Reynolds numbers. J Fluid Mech 206: 579-627},
	author={C. H. K.  Williamson},
	journal={journal of fluid mechanics},
	volume={206},
	number={-1},
	pages={579-627},
	year={1989},
}
@article{emmons1955compressor,
	title={Compressor surge and stall propagation},
	author={Emmons, HW},
	journal={Trans. of the ASME},
	volume={77},
	number={4},
	pages={455--467},
	year={1955}
}
@article{Williamson2003Vortex,
	title={Vortex Dynamics in the Cylinder Wake},
	author={Williamson, C H K},
	journal={Annual Review of Fluid Mechanics},
	volume={28},
	number={1},
	pages={477-539},
	year={2003},
}
@article{frank1955propagation,
	title={Propagation of stall in a compressor blade row},
	author={Frank E. Marble},
	journal={Journal of the Aeronautical Sciences},
	volume={22},
	number={8},
	pages={541--554},
	year={1955}
}

@article{emmons1959survey,
	title={A survey of stall propagation--experiment and theory},
	author={Emmons, HW and Kronauer, RE and Rockett, JA},
	journal={Journal of Basic Engineering},
	volume={81},
	number={3},
	pages={409--416},
	year={1959},
	publisher={American Society of Mechanical Engineers}
}

@article{cornelius2014experimental,
	title={Experimental and computational analysis of a multistage axial compressor including stall prediction by steady and transient CFD methods},
	author={Cornelius, Christian and Biesinger, Thomas and Galpin, Paul and Braune, Andr{\'e}},
	journal={Journal of Turbomachinery},
	volume={136},
	number={6},
	pages={061013},
	year={2014},
	publisher={American Society of Mechanical Engineers}
}
@article{he1997computational,
	title={Computational study of rotating-stall inception in axial compressors},
	author={He, L},
	journal={Journal of Propulsion and Power},
	volume={13},
	number={1},
	pages={31--38},
	year={1997}
}
@inproceedings{vo2008control,
	title={Control of short length-scale rotating stall inception on a high-speed axial compressor with plasma actuation},
	author={Vo, Huu Duc and Cameron, Joshua D and Morris, Scott C},
	booktitle={ASME Turbo Expo 2008: Power for Land, Sea, and Air},
	pages={533--542},
	year={2008},
	organization={American Society of Mechanical Engineers}
}

@article{pullan2015origins,
	title={Origins and structure of spike-type rotating stall},
	author={Pullan, Graham and Young, AM and Day, IJ and Greitzer, EM and Spakovszky, ZS},
	journal={Journal of Turbomachinery},
	volume={137},
	number={5},
	pages={051007},
	year={2015},
	publisher={American Society of Mechanical Engineers}
}
@article{greitzer1986theory,
	title={A theory of post-stall transients in axial compression systems: part IIâ€”application},
	author={Greitzer, EM and Moore, FK},
	journal={ASME J. Eng. Gas Turbines Power},
	volume={108},
	number={2},
	pages={231--239},
	year={1986}
}

@article{stenning1980rotating,
	title={Rotating stall and surge},
	author={Stenning, AH},
	journal={Journal of Fluids Engineering},
	volume={102},
	number={1},
	pages={14--20},
	year={1980},
	publisher={American Society of Mechanical Engineers}
}

@inproceedings{paduano1991active,
	title={Active control of rotating stall in a low speed axial compressor},
	author={Paduano, J and Epstein, AH and Valavani, L and Longley, JP and Greitzer, EM and Guenette, GR},
	booktitle={ASME 1991 International Gas Turbine and Aeroengine Congress and Exposition},
	pages={V001T01A036--V001T01A036},
	year={1991},
	organization={American Society of Mechanical Engineers}
}

@article{paduano2001compression,
	title={Compression system stability and active control},
	author={Paduano, JAMES D and Greitzer, EM and Epstein, AH},
	journal={Annual review of fluid mechanics},
	volume={33},
	number={1},
	pages={491--517},
	year={2001},
	publisher={Annual Reviews 4139 El Camino Way, PO Box 10139, Palo Alto, CA 94303-0139, USA}
}
@article{day1993active,
	title={Active Suppression of Rotating Stall and Surge in Axial Compressors},
	author={DAY, IJ},
	journal={J. Turbomach.},
	volume={115},
	pages={40--47},
	year={1993}
}
@inproceedings{day1997stall,
	title={Stall inception and the prospects for active control in four high speed compressors},
	author={Day, IJ and Breuer, T and Escuret, J and Cherrett, M and Wilson, A},
	booktitle={ASME 1997 International Gas Turbine and Aeroengine Congress and Exhibition},
	pages={V004T15A022--V004T15A022},
	year={1997},
	organization={American Society of Mechanical Engineers}
}

@article{arts1990aero,
  title={Aero-thermal investigation of a highly loaded transonic linear turbine guide vane cascade. A test case for inviscid and viscous flow computations},
  author={Arts, Tony and Lambertderouvroit, M and Rutherford, AW},
  journal={NASA STI/Recon Technical Report N},
  volume={91},
  year={1990}
}


@article{sorensen1992implicit,
	title={Implicit application of polynomial filters in a k-step Arnoldi method},
	author={Sorensen, Danny C},
	journal={SIAM journal on matrix analysis and applications},
	volume={13},
	number={1},
	pages={357--385},
	year={1992},
	publisher={SIAM}
}
@book{lehoucq1998arpack,
	title={ARPACK users' guide: solution of large-scale eigenvalue problems with implicitly restarted Arnoldi methods},
	author={Lehoucq, Richard B and Sorensen, Danny C and Yang, Chao},
	volume={6},
	year={1998},
	publisher={SIAM}
}

@article{day2016stall,
	title={Stall, surge, and 75 years of research},
	author={Day, IJ},
	journal={Journal of Turbomachinery},
	volume={138},
	number={1},
	pages={011001},
	year={2016},
	publisher={American Society of Mechanical Engineers}
}
@article{strazisar1989laser,
	title={Laser anemometer measurements in a transonic axial-flow fan rotor},
	author={Strazisar, Anthony J and Wood, Jerry R and Hathaway, Michael D and Suder, Kenneth L},
	year={1989}
}

@article{langer2015investigation,
	title={Investigation and comparison of implicit smoothers applied in agglomeration multigrid},
	author={Langer, Stefan and Schw{\"o}ppe, Axel and Kroll, Norbert},
	journal={AIAA Journal},
	volume={53},
	number={8},
	pages={2080--2096},
	year={2015},
	publisher={American Institute of Aeronautics and Astronautics}
}

@inproceedings{blazek1999unstructured,
	title={Unstructured mixed-grid Navier-Stokes solver for turbomachinery applications},
	author={Blazek, Jiri and Irmisch, Stefan and Haselbacher, Andreas},
	booktitle={37th Aerospace Sciences Meeting and Exhibit},
	pages={664}
}

@article{kelley1998convergence,
  title={Convergence analysis of pseudo-transient continuation},
  author={Kelley, Carl Timothy and Keyes, David E},
  journal={SIAM Journal on Numerical Analysis},
  volume={35},
  number={2},
  pages={508--523},
  year={1998},
  publisher={SIAM}
}

@book{gregory1973low,
  title={Low-Speed aerodynamic characteristics of NACA 0012 aerofoil section, including the effects of upper-surface roughness simulating hoar frost},
  author={Gregory, Nigel and O'reilly, CL},
  year={1973},
  publisher={HM Stationery Office London}
}

@incollection{langer2016computer,
  title={Computer aided analysis of preconditioned multistage Runge-Kutta methods applied to solve the compressible Reynolds averaged Navier-Stokes equations},
  author={Langer, Stefan},
  booktitle={New Results in Numerical and Experimental Fluid Mechanics X},
  pages={525--536},
  year={2016},
  publisher={Springer}
}


@article{badcock2000elements,
  title={Elements of computational fluid dynamics on block structured grids using implicit solvers},
  author={Badcock, KJ and Richards, BE and Woodgate, MA},
  journal={Progress in Aerospace Sciences},
  volume={36},
  number={5-6},
  pages={351--392},
  year={2000},
  publisher={Elsevier}
}

@article{karypis1995metis,
  title={{METIS}--unstructured graph partitioning and sparse matrix ordering system, version 2.0},
  author={Karypis, George and Kumar, Vipin},
  year={1995},
  publisher={Citeseer}
}
@article{mueller2017cad,
  title={CAD Integrated Multipoint Adjoint-Based Optimization of a Turbocharger Radial Turbine},
  author={Mueller, Lasse and Verstraete, Tom},
  journal={International Journal of Turbomachinery, Propulsion and Power},
  volume={2},
  number={3},
  pages={14},
  year={2017},
  publisher={Multidisciplinary Digital Publishing Institute}
}
@article{Mavriplis2012Directional,
  title={Directional Agglomeration Multigrid Techniques for High-Reynolds Number Viscous Flows},
  author={Mavriplis, Dimitri J},
  volume={37},
  number={10},
  pages={1222-1230},
  year={2012},
}
@article{Moinier2002Edge,
  title={Edge-Based Multigrid and Preconditioning for Hybrid Grids},
  author={Moinier, Pierre and M\"uller, Jens-Dominik and Giles, Michael B.},
  journal={AIAA Journal},
  volume={40},
  number={10},
  pages={1954-1960},
  year={2002},
}
@article{weiss1999implicit,
  title={Implicit solution of preconditioned Navier-Stokes equations using algebraic multigrid},
  author={Weiss, Jonathan M and Maruszewski, Joseph P and Smith, Wayne A},
  journal={AIAA Journal},
  volume={37},
  number={1},
  pages={29--36},
  year={1999}
}

@article{gropp2001high,
  title={High-performance parallel implicit CFD},
  author={Gropp, William D and Kaushik, Dinesh K and Keyes, David E and Smith, Barry F},
  journal={Parallel Computing},
  volume={27},
  number={4},
  pages={337--362},
  year={2001},
  publisher={Elsevier}
}

@inproceedings{mueller2018stamps,
  title={STAMPS: a finite-volume solver framework for adjoint codes derived with source-transformation AD},
  author={Mueller, Jens-Dominik and Hueckelheim, Jan and Mykhaskiv, Orest},
  booktitle={2018 Multidisciplinary Analysis and Optimization Conference},
  pages={2928},
  year={2018}
}

@article{he2016validation,
  title={Validation of HyperFLOW in subsonic and transonic flow},
  author={He, X and Zhang, LP and Zhao, Z and others},
  journal={Acta Aerodynamica Sinica},
  volume={34},
  number={2},
  pages={267--275},
  year={2016}
}
@article{he2015hyperflow,
  title={HyperFLOW: A structured/unstructured hybrid integrated computational environment for multi-purpose fluid simulation},
  author={He, Xin and He, Xianyao and He, Lei and Zhao, Zhong and Zhang, Laiping},
  journal={Procedia Engineering},
  volume={126},
  pages={645--649},
  year={2015},
  publisher={Elsevier}
}

@article{roe1981approximate,
  title={Approximate Riemann solvers, parameter vectors, and difference schemes},
  author={Roe, Philip L},
  journal={Journal of Computational Physics},
  volume={43},
  number={2},
  pages={357--372},
  year={1981},
  publisher={Elsevier}
}

@inproceedings{allmaras2012modifications,
  title={Modifications and clarifications for the implementation of the Spalart--Allmaras turbulence model},
  author={Allmaras, Steven R and Johnson, Forrester T},
  booktitle={Seventh international conference on computational fluid dynamics (ICCFD7)},
  pages={1--11},
  year={2012}
}

@inproceedings{ziegler2002study1,
  title={A study on impeller-diffuser interaction: part Iâ€”influence on the performance},
  author={Ziegler, Kai U and Gallus, Heinz E and Niehuis, Reinhard},
  booktitle={ASME Turbo Expo 2002: Power for Land, Sea, and Air},
  pages={545--556},
  year={2002},
  organization={American Society of Mechanical Engineers}
}


@inproceedings{ziegler2002study2,
  title={A study on impeller-diffuser interaction: part IIâ€”detailed flow analysis},
  author={Ziegler, Kai U and Gallus, Heinz E and Niehuis, Reinhard},
  booktitle={ASME Turbo Expo 2002: Power for Land, Sea, and Air},
  pages={557--568},
  year={2002},
  organization={American Society of Mechanical Engineers}
}

@ARTICLE{2018arXiv180503756M,
   author = {{Mavriplis}, D.},
    title = "{A Residual Smoothing Strategy for Accelerating Newton Method Continuation}",
  journal = {ArXiv e-prints},
archivePrefix = "arXiv",
   eprint = {1805.03756},
 primaryClass = "math.NA",
 keywords = {Mathematics - Numerical Analysis},
     year = 2018,
    month = may,
   adsurl = {http://adsabs.harvard.edu/abs/2018arXiv180503756M},
  adsnote = {Provided by the SAO/NASA Astrophysics Data System}
}



@article{gebremedhin2013colpack,
  title={ColPack: Software for graph coloring and related problems in scientific computing},
  author={Gebremedhin, Assefaw H and Nguyen, Duc and Patwary, Md Mostofa Ali and Pothen, Alex},
  journal={ACM Transactions on Mathematical Software (TOMS)},
  volume={40},
  number={1},
  pages={1},
  year={2013},
  publisher={ACM}
}

@article{gebremedhin2005color,
  title={What color is your Jacobian? Graph coloring for computing derivatives},
  author={Gebremedhin, Assefaw Hadish and Manne, Fredrik and Pothen, Alex},
  journal={SIAM review},
  volume={47},
  number={4},
  pages={629--705},
  year={2005},
  publisher={SIAM}
}
@article{barkley2006linear,
	title={Linear analysis of the cylinder wake mean flow},
	author={Barkley, D},
	journal={Europhysics Letters},
	volume={75},
	number={5},
	pages={750},
	year={2006},
	publisher={IOP Publishing}
}
@article{pueyo1998efficient,
  title={Efficient Newton-Krylov solver for aerodynamic computations},
  author={Pueyo, Alberto and Zingg, David W},
  journal={AIAA Journal},
  volume={36},
  number={11},
  pages={1991--1997},
  year={1998}
}

@inproceedings{amestoy2000mumps,
	title={MUMPS: a general purpose distributed memory sparse solver},
	author={Amestoy, Patrick R and Duff, Iain S and Lâ€™Excellent, Jean-Yves and Koster, Jacko},
	booktitle={International Workshop on Applied Parallel Computing},
	pages={121--130},
	year={2000},
	organization={Springer}
}

@article{nemec2002newton,
  title={Newton-Krylov algorithm for aerodynamic design using the Navier-Stokes equations},
  author={Nemec, Marian and Zingg, David W},
  journal={AIAA Journal},
  volume={40},
  number={6},
  pages={1146--1154},
  year={2002}
}

@article{wong2008three,
  title={Three-dimensional aerodynamic computations on unstructured grids using a Newton--Krylov approach},
  author={Wong, Peterson and Zingg, David W},
  journal={Computers \& Fluids},
  volume={37},
  number={2},
  pages={107--120},
  year={2008},
  publisher={Elsevier}
}

@article{dembo1982inexact,
  title={Inexact newton methods},
  author={Dembo, Ron S and Eisenstat, Stanley C and Steihaug, Trond},
  journal={SIAM Journal on Numerical analysis},
  volume={19},
  number={2},
  pages={400--408},
  year={1982},
  publisher={SIAM}
}

@article{eisenstat1994globally,
  title={Globally convergent inexact Newton methods},
  author={Eisenstat, Stanley C and Walker, Homer F},
  journal={SIAM Journal on Optimization},
  volume={4},
  number={2},
  pages={393--422},
  year={1994},
  publisher={SIAM}
}
@article{eisenstat1996choosing,
  title={Choosing the forcing terms in an inexact Newton method},
  author={Eisenstat, Stanley C and Walker, Homer F},
  journal={SIAM Journal on Scientific Computing},
  volume={17},
  number={1},
  pages={16--32},
  year={1996},
  publisher={SIAM}
}
@article{nejat2008high,
  title={A high-order accurate unstructured finite volume Newton--Krylov algorithm for inviscid compressible flows},
  author={Nejat, Amir and Ollivier-Gooch, Carl},
  journal={Journal of Computational Physics},
  volume={227},
  number={4},
  pages={2582--2609},
  year={2008},
  publisher={Elsevier}
}
@article{barth1995unstructured,
  title={An unstructured mesh Newton solver for compressible fluid flow and its parallel implementation},
  author={Barth, Timothy and Linton, Samuel},
 journal = {AIAA Paper 95-0221},
 year={1995}
}

@article{shadid1997inexact,
  title={An inexact Newton method for fully coupled solution of the Navier--Stokes equations with heat and mass transport},
  author={Shadid, John N and Tuminaro, Ray S and Walker, Homer F},
  journal={Journal of Computational Physics},
  volume={137},
  number={1},
  pages={155--185},
  year={1997},
  publisher={Elsevier}
}
@article{osusky2013parallel,
  title={Parallel Newton--Krylov--Schur Flow Solver for the Navier--Stokes Equations},
  author={Osusky, Michal and Zingg, David W},
  journal={AIAA Journal},
  volume={51},
  number={12},
  pages={2833--2851},
  year={2013},
  publisher={American Institute of Aeronautics and Astronautics}
}
@article{kamenetskiy2014numerical,
  title={Numerical evidence of multiple solutions for the {R}eynolds-averaged {N}avier--{S}tokes equations},
  author={Kamenetskiy, D.S. and Bussoletti, J.E. and Hilmes, C.L. and Venkatakrishnan, V. and Wigton, L.B. and Johnson, F.T.},
  journal={AIAA Journal},
  volume={52},
  number={8},
  pages={1686--1698},
  year={2014},
  publisher={American Institute of Aeronautics and Astronautics}
}

@article{hills2007achieving,
  title={Achieving high parallel performance for an unstructured unsteady turbomachinery {CFD} code},
  author={Hills, N.},
  journal={The aeronautical journal},
  volume={111},
  number={1117},
  pages={185--193},
  year={2007},
  publisher={Cambridge University Press}
}

@article{tucker2011computation,
  title={Computation of unsteady turbomachinery flows: {P}art 2-{LES} and hybrids},
  author={Tucker, P.G.},
  journal={Progress in Aerospace Sciences},
  volume={47},
  number={7},
  pages={546--569},
  year={2011},
  publisher={Elsevier}
}

@article{johnson2011observations,
  title={Observations regarding algorithms required for robust {CFD} codes},
  author={Johnson, F.T. and Kamenetskiy, D.S. and Melvin, R.G. and Venkatakrishnan, V. and Wigton, L.B. and Young, D.P. and Allmaras, S.R. and Bussoletti, J.E. and Hilmes, C.L.},
  journal={Mathematical Modelling of Natural Phenomena},
  volume={6},
  number={3},
  pages={2--27},
  year={2011},
  publisher={EDP Sciences}
}

@article{pinto2017computational,
  title={Computational fluid dynamics in turbomachinery:
  a review of state of the art},
  author={Pinto, R.N. and Afzal, A. and Dâ€™Souza, L.V. and Ansari, Z. and Samee, A.},
  journal={Archives of Computational Methods in Engineering},
  volume={24},
  number={3},
  pages={467--479},
  year={2017},
  publisher={Springer}
}

%RR HYDRA 
@inproceedings{lapworth2004hydra,
  title={{H}ydra-{CFD}: a framework for collaborative {CFD} development},
  author={Lapworth, L.},
  booktitle={International Conference on Scientific and Engineering Computation (IC-SEC), Singapore, June},
  volume={30},
  year={2004}
}

%DLR TRACE
@article{yang2006toward,
  title={Toward excellence in turbomachinery computational fluid dynamics: A hybrid structured-unstructured {R}eynolds-averaged {N}avier-{S}tokes solver},
  author={Yang, H. and Nuernberger, D. and Kersken, H.-P.},
  journal={Journal of turbomachinery},
  volume={128},
  number={2},
  pages={390--402},
  year={2006},
  publisher={American Society of Mechanical Engineers}
}

@inproceedings{denton2010some,
  title={Some limitations of turbomachinery {CFD}},
  author={Denton, J.D.},
  booktitle={ASME Turbo Expo 2010: Power for Land, Sea, and Air},
  pages={735--745},
  year={2010},
  organization={American Society of Mechanical Engineers}
}

@article{denton1998computational,
  title={Computational fluid dynamics for turbomachinery design},
  author={Denton, J.D. and Dawes, W.N.},
  journal={Proceedings of the Institution of Mechanical Engineers, Part C: Journal of Mechanical Engineering Science},
  volume={213},
  number={2},
  pages={107--124},
  year={1998},
  publisher={SAGE Publications Sage UK: London, England}
}

@inproceedings{barth1995unstructured,
  title={An unstructured mesh {N}ewton solver for compressible fluid flow and its parallel implementation},
  author={Barth, T. and Linton, S.},
  booktitle={33rd Aerospace Sciences Meeting and Exhibit},
  pages={221},
  year={1995}
}


@article{mchugh1994comparison,
  title={Comparison of standard and matrix-free implementations of several
  {N}ewton--{K}rylov solvers},
  author={McHugh, P.R. and Knoll, D.A.},
  journal={AIAA Journal},
  volume={32},
  number={12},
  pages={2394--2400},
  year={1994}
}

@article{naumovich2010algebraic,
  title={Algebraic multigrid within defect correction for the linearized Euler equations},
  author={Naumovich, Anna and F{\"o}rster, Malte and Dwight, Richard},
  journal={Numerical Linear Algebra with Applications},
  volume={17},
  number={2-3},
  pages={307--324},
  year={2010},
  publisher={Wiley Online Library}
}

@article{shroff1993stabilization,
  title={Stabilization of unstable procedures: the recursive projection method},
  author={Shroff, G.M. and Keller, H.B.},
  journal={SIAM Journal on numerical analysis},
  volume={30},
  number={4},
  pages={1099--1120},
  year={1993},
  publisher={SIAM}
}

@article{R1995Inverse,
  title={Inverse multigrid correction for generalized eigenvalue computations},
  author={R\"{u}de, U. and Schmid, W.},
  journal={Technical Report, Universit\"{a}t Augsburg},
  year={1995},
}
@article{giles2000introduction,
  title={An introduction to the adjoint approach to design},
  author={Giles, Michael B and Pierce, Niles A},
  journal={Flow, turbulence and combustion},
  volume={65},
  number={3-4},
  pages={393--415},
  year={2000},
  publisher={Springer}
}

@article{allaire2015review,
  title={A review of adjoint methods for sensitivity analysis, uncertainty quantification and optimization in numerical codes},
  author={Allaire, Gr{\'e}goire},
  journal={Ing{\'e}nieurs de l'Automobile},
  volume={836},
  pages={33--36},
  year={2015}
}

@article{venditti2000adjoint,
  title={Adjoint error estimation and grid adaptation for functional outputs: Application to quasi-one-dimensional flow},
  author={Venditti, David A and Darmofal, David L},
  journal={Journal of Computational Physics},
  volume={164},
  number={1},
  pages={204--227},
  year={2000},
  publisher={Academic Press}
}

@article{ekici2013stabilization,
  title={Stabilization of explicit flow solvers using a proper-orthogonal-decomposition technique},
  author={Ekici, K. and Hall, K.C. and Huang, H. and Thomas, J.P.},
  journal={AIAA Journal},
  volume={51},
  number={5},
  pages={1095--1104},
  year={2013},
  publisher={American Institute of Aeronautics and Astronautics}
}
@article{Crouch2007Predicting,
	title={Predicting the onset of flow unsteadiness based on global instability},
	author={Crouch, J. D. and Garbaruk, A. and Magidov, D.},
	journal={Journal of Computational Physics},
	volume={224},
	number={2},
	pages={924-940},
	year={2007},
}
@article{Crouch2009Origin,
  title={Origin of transonic buffet on aerofoils},
  author={Crouch, J.D. and Garbaruk, A. and Magidov, D. and Travin, A.},
  journal={Journal of Fluid Mechanics},
  volume={628},
  number={628},
  pages={357-369},
  year={2009},
}
@article{badcock2011transonic,
  title={Transonic aeroelastic simulation for instability searches and uncertainty analysis},
  author={Badcock, Ken J and Timme, Sebastian and Marques, S and Khodaparast, H and Prandina, M and Mottershead, JE and Swift, A and Da Ronch, Andrea and Woodgate, MA},
  journal={Progress in Aerospace Sciences},
  volume={47},
  number={5},
  pages={392--423},
  year={2011},
  publisher={Elsevier}
}

@article{xu2016enabling,
  title={Enabling off-design linearised aerodynamics analysis
  using {K}rylov subspace recycling technique},
  author={Xu, S. and Timme, S. and Badcock, K.J.},
  journal={Computers \& Fluids},
  volume={140},
  pages={385--396},
  year={2016},
  publisher={Elsevier}
}



@article{xu2017robust,
  title={Robust and efficient adjoint solver for complex flow conditions},
  author={Xu, S. and Timme, S.},
  journal={Computers \& Fluids},
  volume={148},
  pages={26--38},
  year={2017},
  publisher={Elsevier}
}

@article{knoll2004jacobian,
  title={Jacobian-free {N}ewton--{K}rylov methods: a survey of approaches and applications},
  author={Knoll, Dana A and Keyes, David E},
  journal={Journal of Computational Physics},
  volume={193},
  number={2},
  pages={357--397},
  year={2004},
  publisher={Elsevier}
}
@article{giles2003algorithm,
  title={Algorithm developments for discrete adjoint methods},
  author={Giles, Michael B and Duta, Mihai C and M\"uller, Jens-Dominik and Pierce, Niles A},
  journal={AIAA Journal},
  volume={41},
  number={2},
  pages={198--205},
  year={2003}
}
@article{mulder1992high,
  title={A high-resolution {E}uler solver based on multigrid, semi-coarsening, and defect correction},
  author={Mulder, Wim A},
  journal={Journal of Computational Physics},
  volume={100},
  number={1},
  pages={91--104},
  year={1992},
  publisher={Elsevier}
}
@article{langer2014agglomeration,
  title={Agglomeration multigrid methods with implicit {R}unge--{K}utta smoothers applied to aerodynamic simulations on unstructured grids},
  author={Langer, Stefan},
  journal={Journal of Computational Physics},
  volume={277},
  pages={72--100},
  year={2014},
  publisher={Elsevier}
}

@book{brandt2011multigrid,
  title={Multigrid Techniques: 1984 Guide with Applications to Fluid Dynamics, Revised Edition},
  author={Brandt, Achi and Livne, Oren E},
  year={2011},
  publisher={SIAM}
}

@article{Yoon1988Lower,
  title={Lower-upper Symmetric-Gauss-Seidel method for the Euler and Navier-Stokes equations},
  author={Yoon, Seokkwan and Jameson, Antony},
  journal={AIAA Journal},
  volume={26},
  number={9},
  pages={1025},
  year={1988},
}

@article{campobasso2004stabilization,
  title={Stabilization of a linear flow solver for turbomachinery aeroelasticity using recursive projection method},
  author={Campobasso, M.S. and Giles, M.B.},
  journal={AIAA Journal},
  volume={42},
  number={9},
  pages={1765--1774},
  year={2004}
}
@article{xu2015stabilisation,
  title={Stabilisation of discrete steady adjoint solvers},
  author={Xu, S. and Radford, D. and Meyer, M. and M{\"u}ller, J.-D.},
  journal={Journal of Computational Physics},
  volume={299},
  pages={175--195},
  year={2015},
  publisher={Elsevier}
}

 @article{robinson12optimizing,
   title={Optimizing Parameterized {CAD} Geometries Using Sensitivities
                   Based on Adjoint Functions},
   author={T.T. Robinson and C.G. Armstrong and H.S. Chua and C. Othmer
                   and T. Grahs},
   year=2012,
   journal = {Computer-Aided Design \& Applications},
   volume =       9,
   number =       3,
   pages =        {253-268}
 }

 @Article{jameson00studies,
   author =       {A. Jameson and A. Vassberg},
   title =        {Studies of alternative numerical optimization methods applied to the brachistochrone problem},
   journal =      CFDJ,
   year =         2000,
   volume =       9,
   number =       3
}
 @InProceedings{jaworski08toward,
   author =       {A. Jaworski and J.-D. M{\"u}ller},
   title =        {Toward modular multigrid design optimisation},
   booktitle =      {Lecture Notes in Computational Science and Engineering},
   editor =    {C. Bischof and J. Utke},
   publisher = {Springer},
   address = {"New York, NY, USA"},
   year =         2008,
   volume =    64,
   pages =     {281-291},
   annote =    {ISSN: 1439-7358}
}


 @article{pironneau74optimum,
   author =       {O. Pironneau},
   title =        {On Optimum Design in Fluid Mechanics},
   journal =      {Journal of Fluid Mechanics},
   year =         1974,
   volume =       64,
   pages =        {97-110}
 }

@article{hicken2010aerodynamic,
  title={Aerodynamic optimization algorithm with integrated geometry parameterization and mesh movement},
  author={Hicken, J.E. and Zingg, D.W.},
  journal={AIAA Journal},
  volume={48},
  number={2},
  pages={400--413},
  year={2010}
}

@article{kenway2016aerodynamic,
Author = {G.K.W. Kenway and J.R.R.A. Martins},
Journal = {AIAA Journal},
Note = {(In press)},
Title = {Buffet Onset Constraint Formulation for Aerodynamic Shape Optimization},
Year = {2017}}

@inproceedings{kenway2016aerodynamic,
  title={Aerodynamic Shape Optimization of the {CRM} Configuration Including Buffet-Onset Conditions},
  author={Kenway, G.K. and Martins, J.},
  booktitle={54th AIAA Aerospace Sciences Meeting},
  pages={1294},
  year={2016}
}
@article{stavropoulou2014plane,
  title={In-plane mesh regularization for node-based shape optimization problems},
  author={Stavropoulou, E. and Hojjat, M. and Bletzinger, K.-U.},
  journal={Computer Methods in Applied Mechanics and Engineering},
  volume={275},
  pages={39--54},
  year={2014},
  publisher={Elsevier}
}
@article{huang2008surface,
  title={Surface mesh smoothing, regularization, and feature detection},
  author={Huang, H. and Ascher, U.},
  journal={SIAM Journal on Scientific Computing},
  volume={31},
  number={1},
  pages={74--93},
  year={2008},
  publisher={SIAM}
}


@article{stuck2011adjoint,
  title={Adjoint {RANS} with filtered shape derivatives for hydrodynamic optimisation},
  author={St{\"u}ck, A. and Rung, T.},
  journal={Computers \& Fluids},
  volume={47},
  number={1},
  pages={22--32},
  year={2011},
  publisher={Elsevier}
}
@article{hojjat2014vertex,
  title={The vertex morphing method for node-based shape optimization},
  author={Hojjat, M. and Stavropoulou, E. and Bletzinger, K.-U.},
  journal={Computer Methods in Applied Mechanics and Engineering},
  volume={268},
  pages={494--513},
  year={2014},
  publisher={Elsevier}
}

@article{chen2015aerodynamic,
  title={Aerodynamic Shape Optimization of Common Research Model Wing--Body--Tail Configuration},
  author={Chen, S. and Lyu, Z. and Kenway, G.K.W. and Martins, J.R.R.A.},
  journal={Journal of Aircraft},
  volume={53},
  number={1},
  pages={276--293},
  year={2015},
  publisher={American Institute of Aeronautics and Astronautics}
}
@article{lyu2014aerodynamic-crm,
  title={Aerodynamic Shape Optimization Investigations of the Common Research Model Wing Benchmark},
  author={Lyu, Z. and Kenway, G.K.W. and Martins, J.R.R.A},
  journal={AIAA Journal},
  volume={53},
  number={4},
  pages={968--985},
  year={2014},
  publisher={American Institute of Aeronautics and Astronautics}
}
@article{lyu2014aerodynamic-bwb,
  title={Aerodynamic design optimization studies of a blended-wing-body aircraft},
  author={Lyu, Z. and Martins, J.R.R.A.},
  journal={Journal of Aircraft},
  volume={51},
  number={5},
  pages={1604--1617},
  year={2014},
  publisher={American Institute of Aeronautics and Astronautics}
}

@article{elham2014winglet,
  title={Winglet multi-objective shape optimization},
  author={Elham, A. and van Tooren, M.J.L.},
  journal={Aerospace Science and Technology},
  volume={37},
  pages={93--109},
  year={2014},
  publisher={Elsevier}
}

@inproceedings{hwang2014geometry,
  title={Geometry and structural modeling for high-fidelity aircraft conceptual design optimization},
  author={Hwang, J.T. and Kenway, G.K.W. and Martins, J.R.R.A.},
    booktitle={Proceedings of the 15th AIAA/ISSMO Multidisciplinary Analysis and Optimization Conference, Atlanta, GA, USA},
  year={2014}
}



@article{elham2015adjoint,
  title={Adjoint quasi-three-dimensional aerodynamic solver for multi-fidelity wing aerodynamic shape optimization},
  author={Elham, A.},
  journal={Aerospace Science and Technology},
  volume={41},
  pages={241--249},
  year={2015},
  publisher={Elsevier}
}

@article{reist2016high,
  title={High-Fidelity Aerodynamic Shape Optimization of a Lifting-Fuselage Concept for Regional Aircraft},
  author={Reist, T.A. and Zingg, D.W.},
  journal={Journal of Aircraft},
  year={2016},
  publisher={American Institute of Aeronautics and Astronautics}
}
@inproceedings{becker2011advanced,
  title={An advanced {NURBS}
  fitting procedure for post-processing of grid-based shape optimizations},
  author={Becker, G. and Sch{\"a}fer, M. and Jameson, A.},
  booktitle={49th AIAA Aerospace Sciences Meeting, Orlando, FL, USA},
  year={2011}
}

@phdthesis{burgos2015nurbs,
  title={{NURBS}-Based Geometry Parameterization for Aerodynamic Shape Optimization},
  author={Martin--Burgos, M.J.},
  year={2015},
  school={Universidad Politecnica de Madrid}
}
@article{drela1998pros,
  title={Pros and cons of airfoil optimization},
  author={Drela, M.},
  journal={Frontiers of computational fluid dynamics},
  volume={1998},
  year={1998},
  publisher={Singapore: World Scientific}
}
@incollection{drela1989xfoil,
  title={{XFOIL}: {A}n analysis and design system for low Reynolds number airfoils},
  author={Drela, M.},
  booktitle={Low Reynolds number aerodynamics},
  pages={1--12},
  year={1989},
  publisher={Springer}
}
@article{whitcomb1974review,
  title={Review of {NASA} supercritical airfoils},
  author={Whitcomb, R.T.},
  journal={ICAS paper},
  number={74-10},
  pages={25--30},
  year={1974}
}

@article{wakayama1995subsonic,
  title={Subsonic wing planform design using multidisciplinary optimization},
  author={Wakayama, S. and Kroo, I.},
  journal={Journal of Aircraft},
  volume={32},
  number={4},
  pages={746--753},
  year={1995}
}
@article{joslin1998aircraft,
  title={Aircraft Laminar Flow Control 1},
  author={Joslin, R.D.},
  journal={Annual review of fluid mechanics},
  volume={30},
  number={1},
  pages={1--29},
  year={1998}
}

@article{reuther1999constrained,
  title={Constrained multipoint aerodynamic shape optimization using an adjoint formulation and parallel computers, part 2},
  author={Reuther, J.J, and Jameson, A. and Alonso, J.J. and Rimllnger, M.J. and Saunders, D.},
  journal={Journal of Aircraft},
  volume={36},
  number={1},
  pages={61--74},
  year={1999}
}
@phdthesis{leoviriyakit2005wing,
  title={Wing planform optimization via an adjoint method},
  author={Leoviriyakit, K.},
  year={2005},
  school={Stanford University}
}

@book{hoerner1965fluid,
  title={Fluid-dynamic drag: practical information on aerodynamic drag and hydrodynamic resistance},
  author={Hoerner, S.F.},
  year={1965},
  publisher={Hoerner Fluid Dynamics}
}

@article{giles2000introduction,
  title={An introduction to the adjoint approach to design},
  author={Giles, M.B. and Pierce, N.A.},
  journal={Flow, {T}urbulence and {C}ombustion},
  volume={65},
  number={3-4},
  pages={393--415},
  year={2000},
  publisher={Springer}
}
@article{jameson1998optimum,
  title={Optimum aerodynamic design using the {N}avier--{S}tokes equations},
  author={Jameson, A. and Martinelli, L. and Pierce, N.A.},
  journal={Theoretical and Computational Fluid Dynamics},
  volume={10},
  number={1-4},
  pages={213--237},
  year={1998},
  publisher={Springer}
}
@article{mavriplis2006multigrid,
  title={Multigrid solution of the discrete adjoint for optimization problems on unstructured meshes},
  author={Mavriplis, D.J.},
  journal={AIAA Journal},
  volume={44},
  number={1},
  pages={42--50},
  year={2006}
}

@article{mavriplis2007discrete,
  title={Discrete adjoint-based approach for optimization problems on three-dimensional unstructured meshes},
  author={Mavriplis, D.J.},
  journal={AIAA Journal},
  volume={45},
  number={4},
  pages={741--750},
  year={2007}
}


@article{jameson1988aerodynamic,
  title={Aerodynamic design via control theory},
  author={Jameson, A.},
  journal={Journal of Scientific Computing},
  volume={3},
  number={3},
  pages={233--260},
  year={1988},
  publisher={Springer}
}

@article{kroll2007flow,
  title={Flow simulation and shape optimization for aircraft design},
  author={Kroll, N. and Gauger, N.R. and Brezillon, J. and Dwight, R. and Fazzolari, A. and Vollmer, D. and Becker, K. and Barnewitz, H. and Schulz, V. and Hazra, S.},
  journal={Journal of Computational and Applied Mathematics},
  volume={203},
  number={2},
  pages={397--411},
  year={2007},
  publisher={Elsevier}
}

@inproceedings{hatanaka2012fully,
  title={A fully automated {CAD}-based framework for shape optimization},
  author={Hatanaka, K. and Brezillon, J. and Ronzheimer, A.},
  booktitle={
28th international congress of the aeronautical sciences,
Brisbane, Australia, September 23rd to 28th, 2012},
  year={2012}
}
@article{samareh2001survey,
  title={Survey of shape parameterization techniques for high-fidelity multidisciplinary shape optimization},
  author={Samareh, J.A.},
  journal={AIAA Journal},
  volume={39},
  number={5},
  pages={877--884},
  year={2001}
}
@article{hicken2010induced,
  title={Induced-drag minimization of nonplanar geometries based on the {E}uler equations},
  author={Hicken, J.E. and Zingg, D.W.},
  journal={AIAA Journal},
  volume={48},
  number={11},
  pages={2564--2575},
  year={2010}
}
@article{brezillon2012applications,
  title={Applications of a discrete viscous adjoint method for aerodynamic shape optimisation of {3D} configurations},
  author={Brezillon, J. and Dwight, R.P.},
  journal={CEAS Aeronautical Journal},
  volume={3},
  number={1},
  pages={25--34},
  year={2012},
  publisher={Springer}
}

@article{brezillon20042d,
  title={{2D} and {3D} aerodynamic shape optimisation using the adjoint approach},
  author={Brezillon, J. and Gauger, N.},
  journal={Aerospace Science and Technology},
  volume={8},
  number={8},
  pages={715--727},
  year={2004},
  publisher={Elsevier}
}
@article{sartor2015-urans,
	  title={Reynolds--{a}veraged {N}avier--{S}tokes simulations of shock buffet on half wing-body configuration},
	    author={F.~Sartor and S.~Timme},
	      journal = {AIAA Paper 2015--1939},
	        year={2015}
}

@article{sartor2015-ddes,
	  title={Delayed detached-eddy simulation of Shock Buffet on Half Wing-Body Configuration},
	    author={F.~Sartor and S.~Timme},
	      journal = {AIAA Paper 2015--2607},
	        year={2015}
}
@book{kraft1988software,
  title={A software package for sequential quadratic programming},
  author={Kraft, D.},
  year={1988},
  publisher={DFVLR Obersfaffeuhofen, Germany}
}

@article{jones2015scipy,
  title={Sci{P}y: {O}pen source scientific tools for {P}ython, 2001},
  author={Jones, E. and Oliphant, T. and Peterson, P.},
  journal={URL http://www. scipy. org},
  volume={73},
  pages={86},
  year={2015}
}
@article{michler2011aircraft,
  title={Aircraft control surface deflection using {RBF}-based mesh deformation},
  author={Michler, A.K.},
  journal={International Journal for Numerical Methods in Engineering},
  volume={88},
  number={10},
  pages={986--1007},
  year={2011},
  publisher={Wiley Online Library}
}




@article{jakobsson2007mesh,
  title={Mesh deformation using radial basis functions for gradient-based aerodynamic shape optimization},
  author={Jakobsson, S. and Amoignon, O.},
  journal={Computers \& Fluids},
  volume={36},
  number={6},
  pages={1119--1136},
  year={2007},
  publisher={Elsevier}
}
@article{de2007mesh,
  title={Mesh deformation based on radial basis function interpolation},
  author={De Boer, A. and Van der Schoot, M.S. and Bijl, H.},
  journal={Computers \& Structures},
  volume={85},
  number={11},
  pages={784--795},
  year={2007},
  publisher={Elsevier}
}

@inproceedings{lee2009natural,
  title={Natural-laminar-flow airfoil and wing design by adjoint method and automatic transition prediction},
  author={Lee, J.-D. and Jameson, A.},
  booktitle={Proceedings of the 47th AIAA Aerospace Sciences Meeting},
  pages={1--25},
  year={2009}
}
@book{piegl2012nurbs,
  title={The {NURBS} book},
  author={Piegl, L. and Tiller, W.},
  year={2012},
  publisher={Springer Science \& Business Media}
}

@ARTICLE{pyopt-paper,
  author = {Ruben E.P. and Peter W.J. and Joaquim R.M.},
  title = {py{O}pt: A {P}ython-Based Object-Oriented Framework for Nonlinear Constrained Optimization},
  journal = {Structures and Multidisciplinary Optimization},
  year = {2012},
  volume = {45},
  number = {1},
  pages = {101--118},
  doi = {10.1007/s00158-011-0666-3}
}
@article{laflin2005data,
  title={Data summary from second {AIAA} computational fluid dynamics drag prediction workshop},
  author={Laflin, K.R. and Klausmeyer, S.M. and Zickuhr, T. and Vassberg, J.C. and Wahls, R.A. and Morrison, J.H. and Brodersen, O.P. and Rakowitz, M.E. and Tinoco, E.N. and Godard, J.-L.},
  journal={Journal of Aircraft},
  volume={42},
  number={5},
  pages={1165--1178},
  year={2005}
}


@article{morgan2002gmres,
  title={{GMRES} with deflated restarting},
  author={Morgan, R.B.},
  journal={SIAM Journal on Scientific Computing},
  volume={24},
  number={1},
  pages={20--37},
  year={2002},
  publisher={SIAM}
}


@article{lawson2016,
author={S.~{Lawson} and D.~{Greenwell} and M.~K.~{Quinn}},
 title={Characterisation of buffet on a civil aircraft wing}, 
journal={AIAA 2016-1309},
year={2016}
}

@string{JCP     = "J.~of Computational Physics"}
@string{CAF     = "Computers and Fluids"}
@string{IJNMF   = "Int.~J.~for Numerical Methods in Fluids"}
@string{AIAAJ   = "AIAA Journal"}
@string{VKI = "{V}on {K}arman {I}nstitute for {F}luid {D}ynamics"}
@book{reuther1996aerodynamic,
  title={Aerodynamic shape optimization of complex aircraft configurations via an adjoint formulation},
  author={Reuther, J. and Jameson, A. and Farmer, J. and Martinelli, L. and Saunders, D.},
  volume={96},
  year={1996},
  publisher={NASA Ames Research Center, Research Institute for Advanced Computer Science}
}
@article{roberts2005study,
  title={A study of multigrid preconditioners using eigensystem analysis},
  author={Roberts, T.W. and Swanson, R.C.},
  journal={AIAA paper},
  volume={5229},
  pages={2005},
  year={2005}
}
@book{anderson1999lapack,
  title={LAPACK Users' guide},
  author={Anderson, E. and Bai, Z. and Bischof, C. and Blackford, S. and Dongarra, J. and Du Croz, J. and Greenbaum, A. and Hammarling, S. and McKenney, A. and Sorensen, D.},
  volume={9},
  year={1999},
  publisher={Siam}
}


@article{peiro1992numerical,
  title={The numerical simulation of flow about installed aero engine nacelle using a finite element {E}uler solver on unstructured meshes},
  author={Peiro, J. and Peraire, J. and Morgan, K. and Hassan, O. and Birch, N.},
  journal={Aeronautical Journal},
  volume={96},
  number={956},
  pages={224--232},
  year={1992},
  publisher={Royal Aeronautical Society}
}

@inproceedings{schwamborn2006dlr,
  title={The {DLR} {TAU}-code: Recent applications in research and industry},
  author={Schwamborn, D. and Gerhold, T. and Heinrich, .},
  booktitle={ECCOMAS CFD 2006: Proceedings of the European Conference on Computational Fluid Dynamics, Egmond aan Zee, The Netherlands, September 5-8, 2006},
  year={2006},
  organization={Delft University of Technology; European Community on Computational Methods in Applied Sciences (ECCOMAS)}
}


@article{swanson2007convergence,
  title={Convergence acceleration of {R}unge--{K}utta schemes for solving the {N}avier--{S}tokes equations},
  author={Swanson, R.C. and Turkel, E. and Rossow, C.-C.},
  journal={Journal of Computational Physics},
  volume={224},
  number={1},
  pages={365--388},
  year={2007},
  publisher={Elsevier}
}


@article{kirn2002design,
  title={Design optimization of high-lift configurations using a viscous continuous adjoint method},
  author={Kirn, S. and Alonso, J. and Jameson, A.},
  journal={AIAA 2002-0844},
  year={2002}
}

@inproceedings{nemili2013discrete,
  title={Discrete adjoint based sensitivity analysis for optimal flow control of a {3D} high-lift configuration},
  author={Nemili, A. and {\"O}zkaya, E and Gauger, N and Kramer, F. and Carnarius, A. and Thiele, F.},
  booktitle={Proceedings of the 21st AIAA Computational Fluid Dynamics Conference},
  pages={1--14},
  year={2013}
}
@article{hemsch2002statistical,
  title={Statistical analysis of {CFD} solutions from the drag prediction workshop},
  author={Hemsch, M.},
  journal={AIAA paper},
  volume={842},
  pages={2002},
  year={2002}
}


@article{brezillon20042d,
  title={{2D} and {3D} aerodynamic shape optimisation using the adjoint approach},
  author={Brezillon, J. and Gauger, N.},
  journal={Aerospace Science and Technology},
  volume={8},
  number={8},
  pages={715--727},
  year={2004},
  publisher={Elsevier}
}
@article{gatlin2008experimental,
  title={Experimental investigation of the {DLR-F6} transport configuration in the National Transonic Facility},
  author={Gatlin, G.M. and Rivers, M.B. and Goodliff, S.L. and Rudnik, R. and Sitzmann, M. and others},
  journal={AIAA Paper},
  volume={6917},
  pages={2008},
  year={2008}
}

@inproceedings{rudnik2009experimental,
  title={Experimental Investigation of the Wing-Body Juncture Flow on the {DLR-F6} Configuration in the {ONERA} {S2MA} Facility},
  author={Rudnik, R. and Sitzmann, M. and Godard, J.-L. and Lebrun, F.},
  booktitle={27th AIAA Applied Aerodynamics Conference},
  pages={22--25},
  year={2009}
}
@inproceedings{vassberg2005wing,
title={A wing-body fairing design for the {DLR-F6} model:
{A} {DPW-III} case study},
author={Vassberg, J.C. and Sclafani, A.J. and DeHaan, M.A.},
booktitle={AIAA {P}aper 2005-4730, 2005}
}


@Article{christianson98reverse,
author = "B. Christianson",
title = "Reverse Accumulation and Implict Functions",
journal = "Optimization Methods and Software",
year = 1998,
volume = 9,
pages = "307-322",
number = 4
}
@article{laflin2005data,
  title={Data summary from second {AIAA} computational fluid dynamics drag prediction workshop},
  author={Laflin, K.R. and Klausmeyer, S.M. and Zickuhr, T. and Vassberg, J.C. and Wahls, R.A. and Morrison, J.H. and Brodersen, O.P. and Rakowitz, M.E. and Tinoco, E.N. and Godard, J.-L.},
  journal={Journal of Aircraft},
  volume={42},
  number={5},
  pages={1165--1178},
  year={2005}
}
@article{wada1997accurate,
  title={An accurate and robust flux splitting scheme for shock and contact discontinuities},
  author={Wada, Yasuhiro and Liou, Meng-Sing},
  journal={SIAM Journal on Scientific Computing},
  volume={18},
  number={3},
  pages={633--657},
  year={1997},
  publisher={SIAM}
}


@article{rossow1994investigations,
  title={Investigations of propulsion integration interference effects on a transport aircraft configuration},
  author={Rossow, C.-C. and Godard, J.-L. and Hoheisel, H. and Schmitt, V.},
  journal={Journal of Aircraft},
  volume={31},
  number={5},
  pages={1022--1030},
  year={1994}
}


@techreport{chronopoulos1990s,
  title={s-{S}tep {O}rthomin and {GMRES} implemented on parallel computers},
  author={Chronopoulos, A.T. and Kim, S.K.},
  year={1990},
  institution={Technical Report 90}
}
@article{de1995reducing,
  title={Reducing the effect of global communication in {GMRES} (m) and {CG} on parallel distributed memory computers},
  author={De Sturler, E. and van der Vorst, H.A.},
  journal={Applied Numerical Mathematics},
  volume={18},
  number={4},
  pages={441--459},
  year={1995},
  publisher={Elsevier}
}

@article{ghysels2013hiding,
  title={Hiding global communication latency in the {GMRES} algorithm on massively parallel machines},
  author={Ghysels, P. and Ashby, T.J. and Meerbergen, K. and Vanroose, W.},
  journal={SIAM Journal on Scientific Computing},
  volume={35},
  number={1},
  pages={C48--C71},
  year={2013},
  publisher={SIAM}
}


@inproceedings{xu2015,
  title={Krylov subspace recycling for linearised aerodynamics analysis using {DLR}--{TAU}},
  author={Xu, S. and Timme, S. and Badcock, K.J.},
  booktitle={International Forum on Aeroelasticity and Structural Dynamics (IFASD)},
  year={2015}
}
@article{xu2014cad,
  title={{CAD}-based shape optimisation with {CFD} using a discrete adjoint},
  author={Xu, S. and Jahn, W. and M{\"u}ller, J.-D.},
  journal={International Journal for Numerical Methods in Fluids},
  volume={74},
  number={3},
  pages={153--168},
  year={2014},
  publisher={Wiley Online Library}
}
@inproceedings{shepard1968two,
  title={A two-dimensional interpolation function for irregularly-spaced data},
  author={Shepard, D.},
  booktitle={Proceedings of the 1968 23rd ACM national conference},
  pages={517--524},
  year={1968},
  organization={ACM}
}
@article{yu2011cad,
  title={{CAD}-based shape optimisation using adjoint sensitivities},
  author={Yu, G. and M{\"u}ller, J.-D. and Jones, D. and Christakopoulos, F.},
  journal={Computers \& Fluids},
  volume={46},
  number={1},
  pages={512--516},
  year={2011},
  publisher={Elsevier}
}
@phdthesis{burgos2015nurbs,
  title={{NURBS}-Based Geometry Parameterization for Aerodynamic Shape Optimization},
  author={Burgos, Mart{\'\i}n and Jaime, Mario},
  year={2015},
  school={Telecomunicacion}
}
@inproceedings{langer14dlr,
  title={The DLR Flow Solver TAU-Status and Recent Algorithmic Developments},
  author={Langer, Stefan and Schw{\"o}ppe, Axel and Kroll, Norbert},
  booktitle={52nd AIAA Aerospace Sciences Meeting. AIAA Paper},
  volume={80},
  pages={2014},
  year={2014}
}
@article{ekici2013stabilization,
  title={Stabilization of explicit flow solvers using a proper-orthogonal-decomposition technique},
  author={Ekici, K. and Hall, K.C. and Huang, H. and Thomas, J.},
  journal={AIAA Journal},
  volume={51},
  number={5},
  pages={1095--1104},
  year={2013},
  publisher={American Institute of Aeronautics and Astronautics}
}

@article{Rashad2016NLFadj,
  title={Aerodynamic Shape Optimization for Natural Laminar Flow Using a Discrete-Adjoint Approach},
  author={Rashad, R. and Zingg, D.W.},
  journal={AIAA Journal},
  volume={54},
  number={11},
  pages={3321--3337},
  year={2016},
  publisher={American Institute of Aeronautics and Astronautics}
}

@article{Courty03reverse,
  author = {Courty, F. and  Dervieux, A. and Koobus, B. and Hasco{\"e}t, L.},
  title = {Reverse automatic differentiation for optimum design: 
           from adjoint state assembly to gradient computation},
  journal = {Optimization Methods and Software},
  publisher = {Taylor \& Francis},
  volume = 18,
  number = 5,
  pages = "615-627",
  year = 2003
}


@article{lallemand1992unstructured,
  author =       {M. Lallemand and H. Steve and A. Dervieux},
  title={Unstructured multigridding by volume agglomeration: current status},
  journal =      CAF,
  volume={21},
  number={3},
  pages={397--433},
  year={1992},
}

@InProceedings{brandt_guide,
  author = 	 "A. Brandt",
  title = 	 "Multigrid Techniques: 1984 Guide",
  crossref = "LS-1984-04"
}


@article{naumovich2010algebraic,
  title={Algebraic multigrid within defect correction for the linearized {E}uler equations},
  author={Naumovich, Anna and F{\"o}rster, Malte and Dwight, Richard},
  journal={Numerical Linear Algebra with Applications},
  volume={17},
  number={2-3},
  pages={307--324},
  year={2010},
  publisher={Wiley Online Library}
}


@article{rossow2007efficient,
  title={Efficient computation of compressible and incompressible flows},
  author={Rossow, Cord-Christian},
  journal=JCP,
  volume={220},
  number={2},
  pages={879--899},
  year={2007},
  publisher={Elsevier}
}


@misc{smith2006intelligent,
  title={Intelligent nonlinear solvers for computational fluid dynamics},
  author={Smith, Thomas M and Hooper, Russell W and Ober, Curtis C and Lorber, Alfred A},
  howpublished={AIAA-CP 2006-1483}, 
  year={2006}
}


@inproceedings{mccracken2012accelerating,
  title={Accelerating Convergence of the {CFD} Linear Frequency Domain Method by a Preconditioned Linear Solver},
  author={McCracken, A.J. and Timme, S. and Badcock, K.J. and Eberthardsteiner, J.},
  booktitle={6th European Congress on Computational Methods in Applied Sciences and Engineering},
  year={2012}
}
@inproceedings{falgout2002hypre,
  title={hypre: A library of high performance preconditioners},
  author={Falgout, Robert D and Yang, Ulrike Meier},
  booktitle={International Conference on Computational Science},
  pages={632--641},
  year={2002},
  organization={Springer}
}
@misc{mani2013geometry,
  title={Geometry Optimization in Three-Dimensional Unsteady Flow Problems using the Discrete Adjoint},
  author={Mani, Karthik and Mavriplis, Dimitri J},
  howpublished={AIAA-CP 2013-0662},
  year={2013}
}

@Article{othmer14adjoint,
  title={Adjoint methods for car aerodynamics},
  author={Othmer, Carsten},
  journal={Journal of Mathematics in Industry},
  volume={4},
  number={1},
  pages={6},
  year={2014},
  publisher={Springer}
}



@article{krakos2010effect,
  title={Effect of small-scale output unsteadiness on adjoint-based sensitivity},
  author={Krakos, Joshua A and Darmofal, David L},
  journal={AIAA Journal},
  volume={48},
  number={11},
  pages={2611--2623},
  year={2010}
}


@misc{jameson1981numerical,
  title={Numerical solutions of the {E}uler equations by finite volume methods using {R}unge-{K}utta time-stepping schemes},
  author={Jameson, A. and Schmidt, W. and Turkel, E.},
  howpublished={AIAA-CP 81-1259},
  year={1981}
}

@book{saad2003iterative,
  title={Iterative methods for sparse linear systems},
  author={Saad, Yousef},
  year={2003},
  publisher={Society for Industrial and Applied Mathematics}
 }

@phdthesis{moinier1999algorithm,
  title={Algorithm developments for an unstructured viscous flow solver},
  author={Moinier, Pierre},
  year={1999},
  school={Oxford University}
}

@article{othmer2008continuous,
  title={A continuous adjoint formulation for the computation of topological and surface sensitivities of ducted flows},
  author={Othmer, C},
  journal=IJNMF,
  volume={58},
  number={8},
  pages={861--877},
  year={2008},
  publisher={Wiley Online Library}
}
@article{amestoy2000multifrontal,
  title={Multifrontal parallel distributed symmetric and unsymmetric solvers},
  author={Amestoy, Patrick R and Duff, Iain S and L'Excellent, J-Y},
  journal={Computer methods in applied mechanics and engineering},
  volume={184},
  number={2},
  pages={501--520},
  year={2000},
  publisher={Elsevier}
}

@article{papadimitriou2007continuous,
  title={A continuous adjoint method with objective function derivatives based on boundary integrals, for inviscid and viscous flows},
  author={Papadimitriou, DI and Giannakoglou, KC},
  journal={Computers \& Fluids},
  volume={36},
  number={2},
  pages={325--341},
  year={2007},
  publisher={Elsevier}
}
@inproceedings{marta2010blade,
  title={Blade shape Optimization using a {RANS} Discrete Adjoint solver},
  author={Marta, A. and Shankaran, S. and Stein, A.},
  booktitle={2nd International Conference on Engineering Optimization},
  year={2010}
}


@article{wang2010adjoint,
  title={Adjoint Aerodynamic Design Optimization for Blades in Multistage Turbomachines--Part {II}: Validation and Application},
  author={Wang, D. and He, L. and Li, Y. and Wells, R.},
  journal={Journal of Turbomachinery},
  volume={132},
  number={2},
  pages={021012},
  year={2010},
  publisher={American Society of Mechanical Engineers}
}


@article{giles2000introduction,
  title={An introduction to the adjoint approach to design},
  author={Giles, M.B. and Pierce, N.A.},
  journal={Flow, turbulence and combustion},
  volume={65},
  number={3-4},
  pages={393--415},
  year={2000},
  publisher={Springer}
}

@article{anderson1999aerodynamic,
  title={Aerodynamic design optimization on unstructured grids with a continuous adjoint formulation},
  author={Anderson, W.K. and Venkatakrishnan, V.},
  journal={Computers \& Fluids},
  volume={28},
  number={4},
  pages={443--480},
  year={1999},
  publisher={Elsevier}
}

@article{shroff1993stabilization,
  title={Stabilization of unstable procedures: the recursive projection method},
  author={Shroff, G. and Keller, H.},
  journal={SIAM Journal on numerical analysis},
  volume={30},
  number={4},
  pages={1099--1120},
  year={1993},
  publisher={SIAM}
}

@incollection{campobasso2003stabilization,
  title={Stabilization of a linearized {N}avier-{S}tokes solver for turbomachinery aeroelasticity},
  author={Campobasso, M.S. and Giles, M.B.},
  booktitle={Computational Fluid Dynamics 2002},
  pages={343--348},
  year={2003},
  publisher={Springer}
}
@article{saad1986gmres,
  title={{GMRES}: {A} generalized minimal residual algorithm for solving nonsymmetric linear systems},
  author={Saad, Y. and Schultz, M.},
  journal={SIAM Journal on scientific and statistical computing},
  volume={7},
  number={3},
  pages={856--869},
  year={1986},
  publisher={SIAM}
}

@article{dwight2009efficient,
  title={Efficient and robust algorithms for solution of the adjoint compressible {N}avier--{S}tokes equations with applications},
  author={Dwight, R. and Brezillon, J.},
  journal={International {J}ournal for {N}umerical {M}ethods in {F}luids},
  volume={60},
  number={4},
  pages={365--389},
  year={2009},
  publisher={Wiley Online Library}
}



@article{muller2002anisotropic,
  title={Anisotropic adaptation and multigrid for hybrid grids},
  author={M{\"u}ller, Jens-Dominik},
  journal={International journal for numerical methods in fluids},
  volume={40},
  number={3-4},
  pages={445--455},
  year={2002},
  publisher={Wiley Online Library}
}

@inproceedings{hysom1999efficient-xu,
  title={Efficient parallel computation of ILU (k) preconditioners},
  author={Hysom, David and Pothen, Alex},
  booktitle={Proceedings of the 1999 ACM/IEEE conference on Supercomputing (CDROM)},
  pages={29},
  year={1999},
  organization={ACM}
}
@inproceedings{hysom1999efficient,
 author = {Hysom, David and Pothen, Alex},
 title = {Efficient Parallel Computation of ILU(K) Preconditioners},
 booktitle = {Proceedings of the 1999 ACM/IEEE Conference on Supercomputing},
 series = {SC '99},
 year = {1999},
 isbn = {1-58113-091-0},
 location = {Portland, Oregon, USA},
 articleno = {29},
 acmid = {331561},
 publisher = {ACM},
 address = {New York, NY, USA},
} 
 


@article{hysom2001scalable,
  title={A scalable parallel algorithm for incomplete factor preconditioning},
  author={Hysom, David and Pothen, Alex},
  journal={SIAM Journal on Scientific Computing},
  volume={22},
  number={6},
  pages={2194--2215},
  year={2001},
  publisher={SIAM}
}


@article{pernice2000hybrid,
  title={A hybrid multigrid method for the steady-state incompressible {N}avier-{S}tokes equations},
  author={Pernice, Michael},
  journal={Electronic Transactions on Numerical Analysis},
  volume={10},
  pages={74--91},
  year={2000}
}

@article{pernice2001multigrid,
  title={A Multigrid-Preconditioned {N}ewton--{K}rylov Method for the Incompressible {N}avier--{S}tokes Equations},
  author={Pernice, M and Tocci, MD},
  journal={SIAM Journal on Scientific Computing},
  volume={23},
  number={2},
  pages={398--418},
  year={2001},
  publisher={SIAM}
}



@article{wesseling2001geometric,
  title={Geometric multigrid with applications to computational fluid dynamics},
  author={Wesseling, Pieter and Oosterlee, Cornelis W},
  journal={Journal of Computational and Applied Mathematics},
  volume={128},
  number={1},
  pages={311--334},
  year={2001},
  publisher={Elsevier}
}


@incollection{giles2000iterative,
year={2002},
booktitle={Automatic Differentiation of Algorithms},
editor={Corliss, George and Faure, ChristÃ¨le and Griewank, Andreas and HascoÃ«t, Laurent and Naumann, Uwe},
title={On the Iterative Solution of Adjoint Equations},
publisher={Springer New York},
author={Giles, M.B.},
pages={145-151},
}

@article{swanson2011efficient,
  title={An efficient solver for the {RANS} equations and a one-equation turbulence model},
  author={Swanson, RC and Rossow, C-C},
  journal={Computers \& Fluids},
  volume={42},
  number={1},
  pages={13--25},
  year={2011},
  publisher={Elsevier}
}

@article{protas2004computational,
  title={A computational framework for the regularization of adjoint analysis in multiscale PDE systems},
  author={Protas, Bartosz and Bewley, Thomas R and Hagen, Greg},
  journal={Journal of Computational Physics},
  volume={195},
  number={1},
  pages={49--89},
  year={2004},
  publisher={Elsevier}
}


@article{rossow2006convergence,
  title={Convergence acceleration for solving the compressible {N}avier-{S}tokes equations},
  author={Rossow, Cord C},
  journal=AIAAJ,
  volume={44},
  number={2},
  pages={345--352},
  year={2006}
}


@Article{VLeer_V,
  author = 	 "B. {Van Leer}",
  title = 	 "Towards the ultimate conservative difference scheme. 
                  {V}. {A} second-order sequel to {G}odunov's method",
  journal =	 JCP,
  year =	 1979,
  volume =	 32, 
  pages = "101--136"
}


@article{van1992design,
  title={Design of optimally smoothing multistage schemes for the {E}uler equations},
  author={Van Leer, Bram and Lee, Wen-Tzong and Roe, Philip L and Powell, Kenneth G and Tai, Chang-Hsien},
  journal={Communications in Applied Numerical Methods},
  volume={8},
  number={10},
  pages={761--769},
  year={1992},
  publisher={Wiley Online Library}
}


@misc{mavriplis2008solution,
  title={Solution of the unsteady discrete adjoint for three-dimensional problems on dynamically deforming unstructured meshes},
  author={Mavriplis, Dimitri J},
  howpublished={AIAA-CP 08-727},
  year={2008}
}

@article{campobasso2003effects,
  title={Effects of flow instabilities on the linear analysis of turbomachinery aeroelasticity},
  author={Campobasso, M.S. and Giles, M.B.},
  journal={Journal of {P}ropulsion and {P}ower},
  volume={19},
  number={2},
  pages={250--259},
  year={2003}
}

@article{campobasso2004stabilization,
  title={Stabilization of a linear flow solver for turbomachinery aeroelasticity using Recursive Projection Method},
  author={Campobasso, M.S. and Giles, M.B.},
  journal={AIAA Journal},
  volume={42},
  number={9},
  pages={1765--1774},
  year={2004}
}


@article{nadarajah2001studies,
  title={Studies of the continuous and discrete adjoint approaches to viscous automatic aerodynamic shape optimization},
  author={Nadarajah, S. and Jameson, A.},
  journal={AIAA paper},
  volume={2530},
  pages={2001},
  year={2001}
}


@article{castro2007systematic,
  title={Systematic continuous adjoint approach to viscous aerodynamic design on unstructured grids},
  author={Castro, C. and Lozano, C. and Palacios, F. and Zuazua, E.},
  journal={AIAA Journal},
  volume={45},
  number={9},
  pages={2125--2139},
  year={2007}
}
@article{taylor2012towards,
  title={Towards a hybrid adjoint approach for arbitrarily complex partial differential equations},
  author={Taylor, T. and Palacios, F. and Duraisamy, K. and Alonso, J.},
  journal={AIAA Paper},
  volume={3342},
  pages={2012},
  year={2012}
}





@article{christakopoulos2011pseudo,
  title={Pseudo-timestepping and verification for automatic differentiation derived {CFD} codes},
  author={Christakopoulos, F. and Jones, D. and M{\"u}ller, J.-D.},
  journal={Computers \& Fluids},
  volume={46},
  number={1},
  pages={174--179},
  year={2011},
  publisher={Elsevier}
}



@article{giles2003algorithm,
  title={Algorithm developments for discrete adjoint methods},
  author={Giles, M.B. and Duta, M.C. and M{\"u}ller, J.-D. and Pierce, N.A.},
  journal=AIAAJ,
  volume={41},
  number={2},
  pages={198--205},
  year={2003}
}


@article{moinier2002edge,
  title={Edge-based multigrid and preconditioning for hybrid grids},
  author={Moinier, P. and M\"uller, J.-D. and Giles, M.B.},
  journal=AIAAJ,
  volume={40},
  number={10},
  pages={1954--1960},
  year={2002}
}


@TechReport{brandt1998barriers,
  author =       {Brandt, Achi},
  title =        {Barriers to achieving textbook multigrid efficiency (TME) in {CFD}},
  institution =  {ICASE},
  year =         1998,
  number =    {CR-1998-207647},
  address =   {Langley, {VA}}}


@article{mavriplis1997directional,
  title={Directional coarsening and smoothing for anisotropic {N}avier-{S}tokes problems},
  author={Mavriplis, Dimitri J},
  journal={Electronic Transactions on Numerical Analysis},
  volume={6},
  pages={182--197},
  year={1997}
}


@article{mavriplis1998multigrid,
  title={Multigrid strategies for viscous flow solvers on anisotropic unstructured meshes},
  author={Mavriplis, Dimitri J},
  journal=JCP,
  volume={145},
  number={1},
  pages={141--165},
  year={1998},
  publisher={Elsevier}
}

@article{crumpton1997unstructured,
  title={An unstructured algorithm for high {R}eynolds number flows on highly stretched grids},
  author={Crumpton, P.I. and Moinier, P. and Giles, M.B.},
  journal={Numerical methods in laminar and turbulent flow},
  pages={561--572},
  year={1997}
}
@inproceedings{muller1999coarsening,
  title={Coarsening {3-D} hybrid meshes for multigrid methods},
  author={M{\"u}ller, Jens-Dominik},
  booktitle={Proceedings of the 9th Copper Mountain Multigrid Conference. Copper Mountain (Colorado, USA)},
  year={1999}
}

@inproceedings{langer2012hierarchy,
  title={Hierarchy of Preconditioning Techniques for the Solution of the {N}avier-{S}tokes equations discretized by 2nd order finite volume methods},
  author={Langer, Stefan},
 booktitle={6th European Congress on Computational Methods in Applied Sciences and Engineering},
  year={2012}
}


@Misc{spalart1992one,
  title={A one equation turbulence model for aerodinamic flows},
  author={Spalart, PHILLIPE R and Allmaras, STEVEN R},
  howpublished = {AIAA-CP 92-439},
  year=1992}


@phdthesis{dwight2006efficiency,
  title={Efficiency improvements of {RANS}-based analysis and optimization using implicit and adjoint methods on unstructured grids},
  author={Dwight, Richard P},
  year={2006},
  school={the University of Manchester}
}

@PhdThesis{martinelli87phd,
  author = "L. Martinelli",
  title = "Calculations of Viscous Flows with a multigrid method",
  year = "1987",
  school = "Dept. of Mech. and Aerospace Eng.",
  address = "Princeton University"
}
@article{parks2006recycling,
  title={Recycling {K}rylov subspaces for sequences of linear systems},
  author={Parks, M.L. and de Sturler, E. and Mackey, G. and Johnson, D. and Maiti, S.},
  journal={SIAM Journal on Scientific Computing},
  volume={28},
  number={5},
  pages={1651--1674},
  year={2006},
  publisher={SIAM}
}

@article{nielsen2004implicit,
  title={An implicit, exact dual adjoint solution method for turbulent flows on unstructured grids},
  author={Nielsen, E.J. and Lu, J. and Park, M.A. and Darmofal, D.L.},
  journal={Computers \& Fluids},
  volume={33},
  number={9},
  pages={1131--1155},
  year={2004},
  publisher={Elsevier}
}


@article{mulder1985experiments,
  title={Experiments with implicit upwind methods for the {E}uler equations},
  author={Mulder, Wim A and Van Leer, Bram},
  journal=JCP,
  volume={59},
  number={2},
  pages={232--246},
  year={1985},
  publisher={Elsevier}
}

@article{gropp2000globalized,
  title={Globalized Newton-Krylov-Schwarz algorithms and software for parallel implicit {CFD}},
  author={Gropp, William and Keyes, David and Mcinnes, Lois Curfman and Tidriri, MD},
  journal={International Journal of High Performance Computing Applications},
  volume={14},
  number={2},
  pages={102--136},
  year={2000}
}

@article{muller2005performance,
  title={On the performance of discrete adjoint {CFD} codes using automatic differentiation},
  author={M{\"u}ller, J-D and Cusdin, P},
  journal=IJNMF,
  volume={47},
  number={8-9},
  pages={939--945},
  year={2005}
}

@article{chisholm2009jacobian,
  title={A Jacobian-free {N}ewton--{K}rylov algorithm for compressible turbulent fluid flows},
  author={Chisholm, Todd T and Zingg, David W},
  journal=JCP,
  volume={228},
  number={9},
  pages={3490--3507},
  year={2009},
  publisher={Elsevier}
}


@article{hovland2001parallel,
  title={Parallel simulation of compressible flow using automatic differentiation and PETSc},
  author={Hovland, Paul D and McInnes, Lois C},
  journal={Parallel Computing},
  volume={27},
  number={4},
  pages={503--519},
  year={2001},
  publisher={Elsevier}
}
@article{tadjouddine2005elimination,
  title={Elimination AD applied to Jacobian assembly for an implicit compressible {CFD} solver},
  author={Tadjouddine, Mohamed and Forth, Shaun A and Qin, Ning},
  journal=IJNMF,
  volume={47},
  number={10-11},
  pages={1315--1321},
  year={2005},
  publisher={Wiley Online Library}
}

@article{pueyo1997efficient,
  title={An efficient Newton-GMRES solver for aerodynamic computations},
  author={Pueyo, Alberto and Zingg, David W},
  journal={AIAA Paper},
  volume={1955},
  pages={1997},
  year={1997}
}
@article{wong2008three,
  title={Three-dimensional aerodynamic computations on unstructured grids using a {N}ewton--{K}rylov approach},
  author={Wong, Peterson and Zingg, David W},
  journal={Computers \& Fluids},
  volume={37},
  number={2},
  pages={107--120},
  year={2008},
  publisher={Elsevier}
}

@article{yoon1992implicit,
  title={Implicit {N}avier-{S}tokes solver for three-dimensional compressible flows},
  author={Yoon, Seokkwan and Kwakt, Dochan},
  journal={AIAA Journal},
  volume={30},
  number={11},
  pages={2653--2659},
  year={1992}
}

@article{sharov2000implementation,
  title={Implementation of unstructured grid GMRES+ LU-SGS method on shared-memory, cache-based parallel computers},
  author={Sharov, Dmitri and Luo, Hong and Baum, Joseph D and L{\"o}hner, Rainald},
  journal={AIAA paper},
  volume={927},
  pages={2000},
  year={2000}
}

@incollection{luo2001class,
  title={A class of matrix-free implicit methods for compressible flows on unstructured grids},
  author={Luo, Hong and Sharov, Dmitri and Baum, Joseph D and L{\"o}hner, Rainald},
  booktitle={Computational Fluid Dynamics 2000},
  pages={93--98},
  year={2001},
  publisher={Springer}
}

@article{mchugh1994comparison,
  title={Comparison of standard and matrix-free implementations of several Newton-Krylov solvers},
  author={McHugh, Paul R and Knoll, Dana A},
  journal=AIAAJ,
  volume={32},
  number={12},
  pages={2394--2400},
  year={1994}
}
@article{richtmyer1994difference,
  title={Difference methods for initial-value problems},
  author={Richtmyer, Robert D and Morton, Keith W},
  journal={Malabar, Fla.: Krieger Publishing Co.,| c1994, 2nd ed.},
  year={1994}
}

@article{cantwell2015nektar++,
title={Nektar++: An open-source spectral/hp element framework},
author={Cantwell, Chris D and Moxey, David and Comerford, Andrew and Bolis, Alessandro and Rocco, Gabriele and Mengaldo, Gianmarco and De Grazia, Daniele and Yakovlev, Sergey and Lombard, J-E and Ekelschot, D and others},
journal={Computer Physics Communications},
volume={192},
pages={205--219},
year={2015},
publisher={Elsevier}
}

@book{blazek2015computational,
  title={Computational fluid dynamics: principles and applications},
  author={Blazek, Jiri},
  year={2015},
  publisher={Butterworth-Heinemann}
}
@article{venkatakrishnan1993implicit,
  title={Implicit solvers for unstructured meshes},
  author={Venkatakrishnan, V and Mavriplis, Dimitri J},
  journal=JCP,
  volume={105},
  number={1},
  pages={83--91},
  year={1993},
  publisher={Elsevier}
}

@techreport{venkatakrishnan1991implicit_tr,
  title={Implicit solvers for unstructured meshes},
  author={Venkatakrishnan, V and Mavriplis, Dimitri J},
  year={1991},
  institution={DTIC Document}
}

@article{Tapenade,
  author = {Hasco{\"e}t, L. and Pascual, V.},
  title = {The {T}apenade {A}utomatic {D}ifferentiation tool: {P}rinciples, {M}odel, and {S}pecification},
  journal = "{ACM} {T}ransactions {O}n {M}athematical {S}oftware",
  volume = {39},
  number = {3},
  year={2013}
}

@inproceedings{Hascoet04tapenade_b,
  author = {Hasco\"et, L.},
  title = {TAPENADE: a tool for Automatic Differentiation of programs},
  booktitle = {Proceedings of 4$^{th}$ European Congress
            on Computational Methods, ECCOMAS'2004, Jyvaskyla, Finland},
  year = 2004
}

@incollection{swanson2011analysis,
  title={Analysis of a {RK}/Implicit Smoother for Multigrid},
  author={Swanson, RC and Turkel, E and Yaniv, S},
  booktitle={Computational Fluid Dynamics 2010},
  pages={409--417},
  year={2011},
  publisher={Springer}
}


@incollection{falgout2002hypre,
year={2002},
isbn={978-3-540-43594-5},
booktitle={Computational Science - ICCS 2002},
volume={2331},
series={Lecture Notes in Computer Science},
editor={Sloot, PeterM.A. and Hoekstra, AlfonsG. and Tan, C.J.Kenneth and Dongarra, JackJ.},
doi={10.1007/3-540-47789-6_66},
title={hypre: A Library of High Performance Preconditioners},
url={http://dx.doi.org/10.1007/3-540-47789-6_66},
publisher={Springer Berlin Heidelberg},
author={Falgout, RobertD. and Yang, UlrikeMeier},
pages={632-641},
language={English}
}


@article{mavriplis2002assessment,
  title={An assessment of linear versus nonlinear multigrid methods for unstructured mesh solvers},
  author={Mavriplis, Dimitri J},
  journal=JCP,
  volume={175},
  number={1},
  pages={302--325},
  year={2002},
  publisher={Elsevier}
}


@article{pernice2000hybrid,
  title={A hybrid multigrid method for the steady-state incompressible {N}avier-{S}tokes equations},
  author={Pernice, Michael},
  journal={Electronic Transactions on Numerical Analysis},
  volume={10},
  pages={74--91},
  year={2000}
}


@article{pernice2001multigrid,
  title={A Multigrid-Preconditioned {N}ewton--{K}rylov Method for the Incompressible {N}avier--{S}tokes Equations},
  author={Pernice, M and Tocci, MD},
  journal={SIAM Journal on Scientific Computing},
  volume={23},
  number={2},
  pages={398--418},
  year={2001},
  publisher={SIAM}
}


@Proceedings{LS-1984-04,
  organization =  VKI,
  address =	 "Rhode-St.-Gen{\`e}se, Belgium",
  booktitle = 	 "14th VKI {L}ecture {S}eries on {C}omputational 
                  {F}luid {D}ynamics 1984-04",
  year = 	 1984,
  month =	 "March 12-16"
}
