@article{王昊2016低速轴流压气机中气动旋转不稳定性和叶顶泄漏流脉动特性,
  title={低速轴流压气机中气动旋转不稳定性和叶顶泄漏流脉动特性},
  author={王昊 and 吴亚东 and 欧阳华},
  journal={航空动力学报},
  volume={31},
  number={9},
  pages={2239-2250},
  year={2016},
}

@article{姚丹2018压气机旋转不稳定性的周向模态特性及其分解方法,
  title={压气机旋转不稳定性的周向模态特性及其分解方法},
  author={姚丹 and 田杰 and 欧阳华 and 王昊 and 吴亚东},
  journal={航空动力学报},
  volume={33},
  number={2},
  pages={431-439},
  year={2018},
}

@article{付磊2014跨声速压气机转子叶尖流场旋转不稳定现象的数值研究,
  title={跨声速压气机转子叶尖流场旋转不稳定现象的数值研究},
  author={付磊 and 袁巍 and 宋西镇 and 周盛 and 陆利蓬},
  journal={航空动力学报},
  volume={29},
  number={5},
  pages={1145-1153},
  year={2014},
}

@phdthesis{2016跨声速压气机转子叶尖旋转不稳定流动特性的数值研究,
  title={跨声速压气机转子叶尖旋转不稳定流动特性的数值研究},
  school={南京航空航天大学},
  year={2016},
}
@article{付磊2017跨声速压气机转子旋转失速现象的非定常模拟,
  title={跨声速压气机转子旋转失速现象的非定常模拟},
  author={付磊},
  journal={航空学报},
  volume={38},
  number={s1},
  pages={48-55},
  year={2017},
}

@article{卢波2017跨声速压气机转子叶尖非定常流动的数值模拟,
  title={跨声速压气机转子叶尖非定常流动的数值模拟},
  author={卢波 and 王志强 and 王剑 and 高翔},
  journal={航空动力学报},
  volume={32},
  number={6},
  pages={1481-1490},
  year={2017},
}