@article{聂超群1995压缩系统喘振现象主动控制的实验研究,
  title={压缩系统喘振现象主动控制的实验研究},
  author={聂超群 and 陈静宜 and 乔晓辉 and 梁锡智 and 陈乃兴},
  journal={工程热物理学报},
  volume={V16},
  number={2},
  pages={166-171},
  year={1995},
}

@article{聂超群1996喘振主动控制模式的研究,
  title={喘振主动控制模式的研究},
  author={聂超群 and 陈静宜},
  journal={工程热物理学报},
  volume={V17},
  number={4},
  pages={423-427},
  year={1996},
}

@article{许振华1997压缩系统喘振主动控制方式的数值分析,
  title={压缩系统喘振主动控制方式的数值分析},
  author={许振华 and 陈静宜 and 聂超群},
  journal={工程热物理学报},
  volume={18},
  number={6},
  pages={700-704},
  year={1997},
}

@article{胡骏1994轴流压气机中旋转失速的研究,
  title={轴流压气机中旋转失速的研究},
  author={胡骏 and 汤国才 and 张惠民},
  journal={航空学报},
  volume={15},
  number={4},
  pages={481-487},
  year={1994},
}

@article{屠宝锋2009低速轴流压气机旋转失速特性试验,
  title={低速轴流压气机旋转失速特性试验},
  author={屠宝锋 and 胡骏 and 王志强 and 李亮},
  journal={航空动力学报},
  volume={24},
  number={1},
  pages={143-149},
  year={2009},
}

@article{吴艳辉2008轴流压气机失速初始扰动的研究进展,
  title={轴流压气机失速初始扰动的研究进展},
  author={吴艳辉 and 楚武利 and 张皓光},
  journal={力学进展},
  volume={38},
  number={5},
  pages={571-584},
  year={2008},
}

@article{曹人靖1997扰动波对轴流压气机旋转失速的影响,
  title={扰动波对轴流压气机旋转失速的影响},
  author={曹人靖 and 周盛},
  journal={航空动力学报},
  number={2},
  pages={201-202},
  year={1997},
}

@article{张靖煊2007低速轴流压气机进口总压畸变与旋转失速关联的实验研究,
  title={低速轴流压气机进口总压畸变与旋转失速关联的实验研究},
  author={张靖煊 and 童志庭 and 聂超群},
  journal={航空动力学报},
  volume={22},
  number={5},
  pages={803-807},
  year={2007},
}

@article{张靖煊2008旋转进口畸变条件下轴流压气机叶顶间隙流非定常特征及其与旋转失速的关联性研究,
  title={旋转进口畸变条件下轴流压气机叶顶间隙流非定常特征及其与旋转失速的关联性研究},
  author={张靖煊 and 林峰 and 陈静宜 and 聂超群},
  journal={工程热物理学报},
  volume={V29},
  number={3},
  pages={390-394},
  year={2008},
}

@article{石嵩2016轴流压气机近失速及旋转失速全通道数值模拟,
  title={轴流压气机近失速及旋转失速全通道数值模拟},
  author={石嵩 and 屠宝锋},
  journal={航空动力学报},
  volume={31},
  number={5},
  pages={1196-1204},
  year={2016},
}


@article{emmons1955compressor,
  title={Compressor surge and stall propagation},
  author={Emmons, HW},
  journal={Trans. of the ASME},
  volume={77},
  number={4},
  pages={455--467},
  year={1955}
}

@article{merle1953some,
  title={Some stall and surge phenomena in axial-flow compressors},
  author={Merle C. Huppert},
  journal={Journal of the Aeronautical Sciences},
  volume={20},
  number={12},
  pages={835--845},
  year={1953}
}

@techreport{iura1953observations,
  title={Observations of Propagating Stall in Axial-Flow Compressors},
  author={Iura, Toru and RANNIE, W DUNCAN},
  year={1953},
  institution={CALIFORNIA INST OF TECH PASADENA MECHANICAL ENGINEERING LAB}
}

@article{sears1955rotating,
  title={Rotating stall in axial compressors},
  author={Sears, William R},
  journal={Zeitschrift f{\"u}r angewandte Mathematik und Physik ZAMP},
  volume={6},
  number={6},
  pages={429--455},
  year={1955},
  publisher={Springer}
}

@inproceedings{nenni1974theory,
  title={A theory to predict the inception of rotating stall in axial flow compressors},
  author={Nenni, J and Ludwig, G},
  booktitle={7th Fluid and PlasmaDynamics Conference},
  pages={528}
}

@article{greitzer1976surge,
  title={Surge and rotating stall in axial flow compressors—Part I: Theoretical compression system model},
  author={Greitzer, Edward M},
  journal={Journal of Engineering for Power},
  volume={98},
  number={2},
  pages={190--198},
  year={1976},
  publisher={American Society of Mechanical Engineers}
}

@article{greitzer1976surge,
  title={Surge and rotating stall in axial flow compressors—Part II: experimental results and comparison with theory},
  author={Greitzer, Edward M},
  journal={Journal of Engineering for Power},
  volume={98},
  number={2},
  pages={199--211},
  year={1976},
  publisher={American Society of Mechanical Engineers}
}

@article{day1978prediction,
  title={Prediction of compressor performance in rotating stall},
  author={Day, IJ and Greitzer, Edward M and Cumpsty, NA},
  journal={Journal of Engineering for Power},
  volume={100},
  number={1},
  pages={1--12},
  year={1978},
  publisher={American Society of Mechanical Engineers}
}

@article{moore1986theory,
  title={A theory of post-stall transients in axial compression systems: Part I—Development of equations},
  author={Moore, Franklin K and Greitzer, Edward Marc},
  journal={Journal of engineering for gas turbines and power},
  volume={108},
  number={1},
  pages={68--76},
  year={1986},
  publisher={American Society of Mechanical Engineers}
}

@article{greitzer1986theory,
  title={A theory of post-stall transients in axial compression systems: part II—application},
  author={Greitzer, EM and Moore, FK},
  journal={Journal of Engineering for Gas Turbines and Power},
  volume={108},
  number={2},
  pages={231--239},
  year={1986},
  publisher={American Society of Mechanical Engineers}
}

@article{greitzer1980axial,
  title={Axial compressor stall phenomena},
  author={Greitzer, EM},
  journal={Journal of Fluids Engineering},
  volume={102},
  number={2},
  pages={134--151},
  year={1980},
  publisher={American Society of Mechanical Engineers}
}

@article{moore1984theory,
  title={A theory of rotating stall of multistage axial compressors: part I—small disturbances},
  author={Moore, FK},
  journal={Journal of Engineering for Gas Turbines and Power},
  volume={106},
  number={2},
  pages={313--320},
  year={1984},
  publisher={American Society of Mechanical Engineers}
}

@article{moore1984theory,
  title={A theory of rotating stall of multistage axial compressors: Part II—Finite disturbances},
  author={Moore, FK},
  journal={Journal of Engineering for Gas Turbines and Power},
  volume={106},
  number={2},
  pages={321--326},
  year={1984},
  publisher={American Society of Mechanical Engineers}
}

@article{moore1984theory,
  title={A Theory of Rotating Stall of Multistage Axial Compressors: Part III—Limit Cycles},
  author={Moore, FK},
  journal={Journal of Engineering for Gas Turbines and Power},
  volume={106},
  number={2},
  pages={327--334},
  year={1984},
  publisher={American Society of Mechanical Engineers}
}




@article{day1993stall,
  title={Stall Inception in Axial FIow Compressors},
  author={Day, IJ},
  journal={Journal of Turbomachinery},
  volume={115},
  pages={1},
  year={1993}
}

@article{mcdougall1990stall,
  title={Stall inception in axial compressors},
  author={McDougall, NM and Cumpsty, NA and Hynes, TP},
  journal={Journal of Turbomachinery},
  volume={112},
  pages={116--123},
  year={1990}
}

@article{day1993active,
  title={Active suppression of rotating stall and surge in axial compressors},
  author={Day, IJ},
  journal={Journal of Turbomachinery},
  volume={115},
  number={1},
  pages={40--47},
  year={1993},
  publisher={American Society of Mechanical Engineers}
}

@article{garnier1991rotating,
  title={Rotating waves as a stall inception indication in axial compressors},
  author={Garnier, VH and Epstein, AH and Greitzer, EM},
  journal={Journal of Turbomachinery},
  volume={113},
  number={2},
  pages={290--301},
  year={1991},
  publisher={American Society of Mechanical Engineers}
}

@article{day1978measurement,
  title={The measurement and interpretation of flow within rotating stall cells in axial compressors},
  author={Day, IJ and Cumpsty, NA},
  journal={Journal of Mechanical Engineering Science},
  volume={20},
  number={2},
  pages={101--114},
  year={1978},
  publisher={SAGE Publications Sage UK: London, England}
}

@article{day1994axial,
  title={Axial compressor performance during surge},
  author={Day, IJ},
  journal={Journal of propulsion and power},
  volume={10},
  number={3},
  pages={329--336},
  year={1994}
}

@article{epstein1989active,
  title={Active suppression of aerodynamic instabilities in turbomachines},
  author={Epstein, AH and Ffowcs Williams, JE and Greitzer, EM},
  journal={Journal of Propulsion and Power},
  volume={5},
  number={2},
  pages={204--211},
  year={1989}
}

@article{davoudzadeh1990navier,
  title={Navier-Stokes study of rotating stall in compressor cascades},
  author={Davoudzadeh, F and Liu, N-S and Shamroth, SJ and Thoren, SJ},
  journal={AIAA journal},
  volume={28},
  number={3},
  pages={492--498},
  year={1990}
}



@article{day2016stall,
  title={Stall, surge, and 75 years of research},
  author={Day, IJ},
  journal={Journal of Turbomachinery},
  volume={138},
  number={1},
  pages={011001},
  year={2016},
  publisher={American Society of Mechanical Engineers}
}
@article{pullan2015origins,
  title={Origins and structure of spike-type rotating stall},
  author={Pullan, Graham and Young, AM and Day, IJ and Greitzer, EM and Spakovszky, ZS},
  journal={Journal of Turbomachinery},
  volume={137},
  number={5},
  pages={051007},
  year={2015},
  publisher={American Society of Mechanical Engineers}
}

@article{he1999computations,
  title={Computations of bladerow stall inception in transonic flows},
  author={He, L and Ismael, JO},
  journal={The Aeronautical Journal},
  volume={103},
  number={1025},
  pages={317--324},
  year={1999},
  publisher={Cambridge University Press}
}
@article{he1997computational,
  title={Computational study of rotating-stall inception in axial compressors},
  author={He, L},
  journal={Journal of Propulsion and Power},
  volume={13},
  number={1},
  pages={31--38},
  year={1997}
}

@article{vo2008criteria,
  title={Criteria for spike initiated rotating stall},
  author={Vo, Huu Duc and Tan, Choon S and Greitzer, Edward M},
  journal={Journal of turbomachinery},
  volume={130},
  number={1},
  pages={011023},
  year={2008},
  publisher={American Society of Mechanical Engineers}
}

@article{dodds2015rotating,
  title={Rotating Stall Observations in a High Speed Compressor—Part II: Numerical Study},
  author={Dodds, J and Vahdati, M},
  journal={Journal of Turbomachinery},
  volume={137},
  number={5},
  pages={051003},
  year={2015},
  publisher={American Society of Mechanical Engineers}
}

@article{brandstetter2019compressible,
  title={Compressible Modal Instability Onset in an Aerodynamically Mistuned Transonic Fan},
  author={Brandstetter, Christoph and Paoletti, Benoit and Ottavy, Xavier},
  journal={Journal of Turbomachinery},
  volume={141},
  number={3},
  pages={031004},
  year={2019},
  publisher={American Society of Mechanical Engineers}
}

@article{mailach2001rotating,
  title={Rotating instabilities in an axial compressor originating from the fluctuating blade tip vortex},
  author={Mailach, R and Lehmann, I and Vogeler, Kt},
  journal={Journal of turbomachinery},
  volume={123},
  number={3},
  pages={453--460},
  year={2001},
  publisher={American Society of Mechanical Engineers}
}

@article{marz2002experimental,
  title={An experimental and numerical investigation into the mechanisms of rotating instability},
  author={Marz, Joachim and Hah, Chunill and Neise, Wolfgang},
  journal={Journal of turbomachinery},
  volume={124},
  number={3},
  pages={367--374},
  year={2002},
  publisher={American Society of Mechanical Engineers}
}

@article{zhang2013numerical,
  title={A numerical investigation of rotating instability in steam turbine last stage},
  author={Zhang, LY and He, L and St{\"u}er, H},
  journal={Journal of turbomachinery},
  volume={135},
  number={1},
  pages={011009},
  year={2013},
  publisher={American Society of Mechanical Engineers}
}

@inproceedings{baumgartner1995non,
  title={Non-engine order blade vibration in a high pressure compressor},
  author={Baumgartner, M and Kameier, F and Hourmouziadis, J},
  booktitle={Twelfth international symposium on airbreathing engines},
  year={1995}
}

@article{kameier1997rotating,
  title={Rotating blade flow instability as a source of noise in axial turbomachines},
  author={Kameier, Frank and Neise, Wolfgang},
  journal={Journal of Sound and Vibration},
  volume={203},
  number={5},
  pages={833--853},
  year={1997},
  publisher={Elsevier}
}

@inproceedings{mathioudakis1985development,
  title={Development of small rotating stall in a single stage axial compressor},
  author={Mathioudakis, K and Breugelmans, FAE},
  booktitle={ASME 1985 International Gas Turbine Conference and Exhibit},
  pages={V001T03A064--V001T03A064},
  year={1985},
  organization={American Society of Mechanical Engineers}
}



@article{breugelmans1985rotating,
  title={Rotating stall cells in a low-speed axial flow compressor},
  author={Breugelmans, FAE and Mathioudakis, K and Casalini, F},
  journal={Journal of aircraft},
  volume={22},
  number={3},
  pages={175--181},
  year={1985}
}

@article{cheng2017prediction,
  title={Prediction of stall inception in multi-stage compressors based on an eigenvalue approach},
  author={Cheng, FanJie and Sun, DaKun and Dong, Xu and Sun, XiaoFeng},
  journal={Science China Technological Sciences},
  volume={60},
  number={8},
  pages={1132--1143},
  year={2017},
  publisher={Springer}
}

@article{sun2013general,
  title={A General Theory of Flow-Instability Inception in Turbomachinery},
  author={Sun, Xiaofeng and Liu, Xiaohua and Hou, Ruiwei and Sun, Dakun},
  journal={AIAA journal},
  volume={51},
  number={7},
  pages={1675--1687},
  year={2013},
  publisher={American Institute of Aeronautics and Astronautics}
}

@article{sun2016flow,
  title={Flow stability model of centrifugal compressors based on eigenvalue approach},
  author={Sun, Xiaofeng and Ma, Yunfei and Liu, Xiaohua and Sun, Dakun},
  journal={AIAA Journal},
  pages={2361--2376},
  year={2016},
  publisher={American Institute of Aeronautics and Astronautics}
}

@article{liu2014basic,
  title={Basic Studies of Flow-Instability Inception in Axial Compressors Using Eigenvalue Method},
  author={Liu, Xiaohua and Sun, Dakun and Sun, Xiaofeng},
  journal={Journal of Fluids Engineering},
  volume={136},
  number={3},
  pages={031102},
  year={2014},
  publisher={American Society of Mechanical Engineers}
}

@article{sun2011model,
  title={A model to predict stall inception of transonic axial flow fan/compressors},
  author={Sun, Xiaofeng and Sun, Dakun and Yu, Weiwei},
  journal={Chinese Journal of Aeronautics},
  volume={24},
  number={6},
  pages={687--700},
  year={2011},
  publisher={Chinese Society of Aeronautics and Astronautics(CSAA), 37 Xueyuan Road~…}
}